<record><leader>00000cas a22000007a 4500</leader><controlfield tag="001">24205861</controlfield><controlfield tag="008">910809d193619uuncudn ne      0    0eng d</controlfield><datafield ind1=" " ind2=" " tag="010"><subfield code="a">sn 91068099 </subfield></datafield><datafield ind1=" " ind2=" " tag="040"><subfield code="a">NVJ</subfield><subfield code="b">eng</subfield><subfield code="c">NVJ</subfield><subfield code="d">OCLCQ</subfield></datafield><datafield ind1=" " ind2=" " tag="042"><subfield code="a">msc</subfield></datafield><datafield ind1="0" ind2=" " tag="130"><subfield code="a">Daily independent (Elizabeth City, N.C.)</subfield></datafield><datafield ind1="1" ind2="4" tag="245"><subfield code="a">The daily independent.</subfield></datafield><datafield ind1=" " ind2=" " tag="260"><subfield code="a">Elizabeth City, N.C. :</subfield><subfield code="b">Independent Pub. Co.</subfield></datafield><datafield ind1=" " ind2=" " tag="300"><subfield code="a">v.</subfield></datafield><datafield ind1=" " ind2=" " tag="310"><subfield code="a">Daily (except Sunday)</subfield></datafield><datafield ind1="0" ind2=" " tag="362"><subfield code="a">Vol. 1, no. 1 (Aug. 31, 1936)-</subfield></datafield><datafield ind1=" " ind2=" " tag="752"><subfield code="a">United States</subfield><subfield code="b">North Carolina</subfield><subfield code="c">Pasquotank</subfield><subfield code="d">Elizabeth City.</subfield></datafield><datafield ind1="0" ind2=" " tag="775"><subfield code="t">Independent (Elizabeth City, N.C.)</subfield><subfield code="w">(DLC)sn 83025812</subfield></datafield><datafield ind1="1" ind2=" " tag="029"><subfield code="a">AU@</subfield><subfield code="b">000025859634</subfield></datafield></record>